@article{wallberg2019hybrid,
  title = {A hybrid de novo genome assembly of the honeybee, \textit{Apis mellifera}, with chromosome-length scaffolds},
  author = {A Wallberg and I Bunikis and OV Pettersson and M-B Mosbech and AK Childers and  JD Evans and \textbf{AS Mikheyev} and HM Robertson and  GE Robinson and MT Webster},
  journal = {BMC Genomics},
  volume = {20},
  number = {1},
  pages = {275},
  year = {2019},
  scholar = {9918563662509923945},
  pubid = {5uu-MYFt2EcC},
  keywords = {article}
}

@article{warner2019convergent,
  title = {Convergent eusocial evolution is based on a shared reproductive groundplan plus lineage-specific plastic genes},
  author = {MR Warner and L Qiu and MJ Holmes and \textbf{AS Mikheyev} and TA Linksvayer},
  journal = {Nature Communications},
  volume = {10},
  number = {1},
  pages = {2651},
  year = {2019},
  scholar = {11650210531716930475,13913361698620129051},
  pubid = {9UF2BbDYXHIC},
  keywords = {article}
}

@article{emborski2019ancestral,
  title = {Ancestral diet transgenerationally influences offspring in a parent-of-origin and sex-specific manner},
  author = {C Emborski and \textbf{AS Mikheyev}},
  journal = {Philosophical Transactions of the Royal Society B},
  volume = {374},
  number = {1768},
  pages = {20180181},
  year = {2019},
  scholar = {17966360091490025114},
  pubid = {6sy8ByAbWgIC},
  keywords = {article}
}

%%%%%%%%%%% FIXME: add proper reference

@article{techer2019genomic,
  title = {Genomic analyses of sibling honey bee ectoparasitic mite species show divergent strategies of adaptation},
  author = {MA Techer and RV Rane and ML Grau and JMK Roberts and ST Sullivan and I Liachko and AK Childers and JD Evans and \textbf{AS Mikheyev}},
  journal = {Communications Biology},
  volume = {in press},
  year = {2019},
  scholar = {16317901927859203300},
  pubid = {ThYxFsVAhEkC},
  keywords = {article}
}


@article{jovanovic2019interactive,
  title = {Interactive web-based visualization and sharing of phylogenetic trees using phylogeny.IO},
  author = {N Jovanovic and \textbf{AS Mikheyev}},
  journal = {Nucleic Acids Research},
  volume = {47},
  number = {W1},
  pages = {W266–W269},
  year = {2019},
  scholar = {15647552158377102908,15165099439629493177},
  pubid = {96M4k3P_OWMC},
  keywords = {article}
}


@article{warner2019transcriptomic,
  title = {Transcriptomic basis and evolution of the ant nurse-larval social interactome},
  author = {MR Warner and \textbf{AS Mikheyev} and TA Linksvayer},
  journal = {PLoS Genetics},
  volume = {15},
  number = {5},
  pages = {e1008156},
  year = {2019},
  scholar = {11288033192310885829,18093734018560473274},
  pubid = {DGpvO1n63MYC},
  keywords = {article}
}

%%%%%%%%%%% FIXME: add citations
@article{smith2019landscape,
  title = {Landscape genomics of an obligate mutualism: Concordant and discordant population structures between the leafcutter ant \textit{Atta texana} and its two main fungal symbiont types},
  author = {CC Smith and JN Weber and \textbf{AS Mikheyev} and F Roces and M Bollazzi and K Kellner and JN Seal and UG Mueller},
  journal = {Molecular Ecology},
  volume = {},
  number = {},
  pages = {},
  year = {2019},
  pubid = {0BSZZHtHo6cC},
  keywords = {article}
}

%%%TODO: add citeid
@article{barua2019many,
  title = {Many options, few solutions: over 60 million years snakes converged on a few optimal venom formulations},
  author = {A Barua and \textbf{AS Mikheyev}},
  journal = {Molecular Biology and Evolution},
  volume = {},
  number = {},
  pages = {},
  year = {2019},
  pubid = {KVXOKlNwS8oC},
  keywords = {article}
}


%%%TODO: add citeid
@article{holman2019comparative,
  title = {Comparative transcriptomics of social insect queen pheromones},
  author = {L Holman and H Helanterä and K Trontti and \textbf{AS Mikheyev}},
  journal = {Nature Communications},
  volume = {10},
  number = {1},
  pages = {1593},
  year = {2019},
  pubid = {tswL-GKFg8UC},
  keywords = {article}
}

%%%TODO: add citeid
@article{morandin2019changes,
  title = {Changes in gene DNA methylation and expression networks accompany caste specialization and age‐related physiological changes in a social insect},
  author = {C Morandin and VP Brendel and L Sundström and H Helanterä and \textbf{AS Mikheyev}},
  journal = {Molecular ecology},
  volume = {28},
  number = {8},
  pages = {1975-1993},
  year = {2019},
  pubid = {o0tJHVzi6PsC},
  keywords = {article}
}

@inproceedings{bozek2018towards,
  title = {Towards dense object tracking in a 2D honeybee hive},
  booktitle={2018 IEEE/CVF Conference on Computer Vision and Pattern Recognition},
  author = {K Bozek and L Hebert and \textbf{AS Mikheyev} and GJ Stephens},
  volume = {},
  number = {},
  pages = {4185-4193},
  year = {2018},
  scholar = {15097139480967673174},
  pubid = {AdGrMoNItN4C},
  doi={10.1109/CVPR.2018.00440},
  ISSN={2575-7075},
  keywords = {conferences}
}

@article{gospocic2017neuropeptide,
  title = {The neuropeptide corazonin controls social behavior and caste identity in ants},
  author = {J Gospocic and EJ Shields and KM Glastad and Y Lin and CA Penick and H Yan and \textbf{AS Mikheyev} and TA Linksvayer and BA Garcia and SL Berger and J Liebig and D Reinberg and R Bonasio},
  journal = {Cell},
  volume = {170},
  number = {4},
  pages = {748-759. e12},
  year = {2017},
  scholar = {5612144328029120783},
  pubid = {m8MyhXdlT-4C},
  keywords = {article}
}


@article{warner2017genomic,
  title = {Genomic signature of kin selection in an ant with obligately sterile workers},
  author = {MR Warner and \textbf{AS Mikheyev} and TA Linksvayer},
  journal = {Molecular Biology and Evolution},
  volume = {34},
  number = {7},
  pages = {1780-1787},
  year = {2017},
  scholar = {14012815263701290291},
  pubid = {38eRAUXPO10C},
  keywords = {article}
}


@article{aird2017population,
  title = {Population genomic analysis of a pitviper reveals microevolutionary forces underlying venom chemistry},
  author = {SD Aird and J Arora and A Barua and L Qiu and K Terada and \textbf{AS Mikheyev}},
  journal = {Genome Biology and Evolution},
  volume = {9},
  number = {10},
  pages = {2640-2649},
  year = {2017},
  scholar = {5697285248834315412},
  pubid = {UFuRdyijzaAC},
  keywords = {article}
}


@article{aird2017coralsnake,
  title = {Coralsnake venomics: analyses of venom gland transcriptomes and proteomes of six Brazilian taxa},
  author = {S Aird and N da Silva and L Qiu and A Villar-Briones and V Saddi and PM de Campos Telles and M Grau and \textbf{AS Mikheyev}},
  journal = {Toxins},
  volume = {9},
  number = {6},
  pages = {187},
  year = {2017},
  scholar = {10223353886292014874},
  pubid = {HkunuPqSaCsC},
  keywords = {article}
}


@article{okada2017social,
  title = {Social dominance alters nutrition‐related gene expression immediately: Transcriptomic evidence from a monomorphic queenless ant},
  author = {Y Okada and Y Watanabe and MMY Tin and K Tsuji and \textbf{AS Mikheyev}},
  journal = {Molecular Ecology},
  volume = {26},
  number = {11},
  pages = {2922-2938},
  year = {2017},
  scholar = {15260040351232396781},
  pubid = {rQKKVauEoioC},
  keywords = {article}
}


@article{mueller2017biogeography,
  title = {Biogeography of mutualistic fungi cultivated by leafcutter ants},
  author = {UG Mueller and HD Ishak and SM Bruschi and CC Smith and JJ Herman and SE Solomon and \textbf{AS Mikheyev} and C Rabeling and JJ Scott and M Cooper and A Rodrigues and A Ortiz and CRF Brandão and JE Lattke and FC Pagnocca and SA Rehner and TR Schultz and HL Vasconcelos and RMM Adams and M Bollazzi and RM Clark and AG Himler and JS LaPolla and IR Leal and RA Johnson and F Roces and J Sosa‐Calvo and R Wirth and M Bacci Jr},
  journal = {Molecular Ecology},
  volume = {26},
  number = {24},
  pages = {6921-6937},
  year = {2017},
  scholar = {12396547297017204127},
  pubid = {Jxw8hHINxX0C},
  keywords = {article}
}


@article{mikheyev2017museum,
  title = {Museum genomics confirms that the Lord Howe Island stick insect survived extinction},
  author = {\textbf{AS Mikheyev} and A Zwick and MJL Magrath and ML Grau and L Qiu and YN Su and D Yeates},
  journal = {Current Biology},
  volume = {27},
  number = {20},
  pages = {3157-3161. e4},
  year = {2017},
  scholar = {11913366570321310063},
  pubid = {cocyvO7vrcwC},
  keywords = {article}
}


@article{morandin2017evolutionary,
  title = {Evolutionary constraints shape caste‐specific gene expression across 15 ant species},
  author = {C Morandin and \textbf{AS Mikheyev} and JS Pedersen and H Helanterä},
  journal = {Evolution},
  volume = {71},
  number = {5},
  pages = {1273-1284},
  year = {2017},
  scholar = {15078879612281937884},
  pubid = {W8gSVh4kTHQC},
  keywords = {article}
}


@article{carlson2017nuclear,
  title = {Nuclear populations of the multinucleate fungus of leafcutter ants can be dekaryotized and recombined to manipulate growth of nutritive hyphal nodules harvested by the ants},
  author = {AL Carlson and HD Ishak and J Kurian and \textbf{AS Mikheyev} and I Gifford and UG Mueller},
  journal = {Mycologia},
  volume = {109},
  number = {5},
  pages = {832-846},
  year = {2017},
  scholar = {1101460889829209879},
  pubid = {b8wqy9DyMDUC},
  keywords = {article}
}


@article{morandin2016comparative,
  title = {Comparative transcriptomics reveals the conserved building blocks involved in parallel evolution of diverse phenotypic traits in ants},
  author = {C Morandin and MMY Tin and S Abril and C Gómez and L Pontieri and M Schiøtt and L Sundström and K Tsuji and JS Pedersen and H Helanterä and \textbf{AS Mikheyev}},
  journal = {Genome Biology},
  volume = {17},
  number = {1},
  pages = {43},
  year = {2016},
  scholar = {11100519968086632641},
  pubid = {1DAnfT_YoJgC},
  keywords = {article}
}


@article{yeates2016museums,
  title = {Museums are biobanks: unlocking the genetic potential of the three billion specimens in the world's biological collections},
  author = {DK Yeates and A Zwick and \textbf{AS Mikheyev}},
  journal = {Current Opinion in Insect Science},
  volume = {18},
  pages = {83-88},
  year = {2016},
  scholar = {9724893745725227264},
  pubid = {QxlgOPrhsAcC},
  keywords = {article}
}


@article{morozova2016toward,
  title = {Toward high-resolution population genomics using archaeological samples},
  author = {I Morozova and P Flegontov and \textbf{AS Mikheyev} and S Bruskin and H Asgharian and P Ponomarenko and V Klyuchnikov and GP ArunKumar and E Prokhortchouk and Y Gankin and E Rogaev and Y Nikolsky and A Baranova and E Elhaik and TV Tatarinova},
  journal = {DNA Research},
  volume = {23},
  number = {4},
  pages = {295-310},
  year = {2016},
  scholar = {7755250650789034601},
  pubid = {00hq1xGbIBsC},
  keywords = {article}
}


@article{mitaka2016caste-specific,
  title = {Caste-specific and sex-specific expression of chemoreceptor genes in a termite},
  author = {Y Mitaka and K Kobayashi and \textbf{AS Mikheyev} and MMY Tin and Y Watanabe and K Matsuura},
  journal = {PLoS One},
  volume = {11},
  number = {1},
  pages = {e0146125},
  year = {2016},
  scholar = {12147294132984566651},
  pubid = {GUJN1xMjMHAC},
  keywords = {article}
}


@article{reyes-bermudez2016developmental,
  title = {Developmental progression in the coral \textit{Acropora digitifera} is controlled by differential expression of distinct regulatory gene networks},
  author = {A Reyes-Bermudez and A Villar-Briones and C Ramirez-Portilla and M Hidaka and \textbf{AS Mikheyev}},
  journal = {Genome Biology and Evolution},
  volume = {8},
  number = {3},
  pages = {851-870},
  year = {2016},
  scholar = {10058266221398722613},
  pubid = {e0CZ6poB34oC},
  keywords = {article}
}


@article{helmkampf2016gene,
  title = {Gene expression and variation in social aggression by queens of the harvester ant \textit{Pogonomyrmex californicus}},
  author = {M Helmkampf and \textbf{AS Mikheyev} and Y Kang and J Fewell and J Gadau},
  journal = {Molecular ecology},
  volume = {25},
  number = {15},
  pages = {3716-3730},
  year = {2016},
  scholar = {2002391955978619422},
  pubid = {LLUdpdcEW3AC},
  keywords = {article}
}


@article{aird2016polyamines,
  title = {Polyamines as snake toxins and their probable pharmacological functions in envenomation},
  author = {S Aird and A Villar Briones and M Roy and \textbf{AS Mikheyev}},
  journal = {Toxins},
  volume = {8},
  number = {10},
  pages = {279},
  year = {2016},
  scholar = {9583652990863466632},
  pubid = {Fx13dKtzC7kC},
  keywords = {article}
}


@article{mikheyev2015genes,
  title = {Genes associated with ant social behavior show distinct transcriptional and evolutionary patterns},
  author = {\textbf{AS Mikheyev} and TA Linksvayer},
  journal = {Elife},
  volume = {4},
  pages = {e04775},
  year = {2015},
  scholar = {10343107384267413159},
  pubid = {mB3voiENLucC},
  keywords = {article}
}


@article{tin2015degenerate,
  title = {Degenerate adaptor sequences for detecting PCR duplicates in reduced representation sequencing data improve genotype calling accuracy},
  author = {MMY Tin and FE Rheindt and E Cros and \textbf{AS Mikheyev}},
  journal = {Molecular Ecology Resources},
  volume = {15},
  number = {2},
  pages = {329-336},
  year = {2015},
  scholar = {16047940495057797000},
  pubid = {L8Ckcad2t8MC},
  keywords = {article}
}


@article{mikheyev2015museum,
  title = {Museum samples reveal rapid evolution by wild honey bees exposed to a novel parasite},
  author = {\textbf{AS Mikheyev} and MMY Tin and J Arora and TD Seeley},
  journal = {Nature communications},
  volume = {6},
  pages = {7991},
  year = {2015},
  scholar = {12844719891240510515},
  pubid = {MbTKqoTs-1EC},
  keywords = {article}
}


@article{aird2015snake,
  title = {Snake venoms are integrated systems, but abundant venom proteins evolve more rapidly},
  author = {SD Aird and S Aggarwal and A Villar-Briones and MMY Tin and K Terada and \textbf{AS Mikheyev}},
  journal = {BMC Genomics},
  volume = {16},
  number = {1},
  pages = {647},
  year = {2015},
  scholar = {10320853565618716923},
  pubid = {MUocvVTjX6cC},
  keywords = {article}
}


@article{smith2015how,
  title = {How do genomes create novel phenotypes? Insights from the loss of the worker caste in ant social parasites},
  author = {CR Smith and S Helms Cahan and C Kemena and SG Brady and W Yang and E Bornberg-Bauer and T Eriksson and J Gadau and M Helmkampf and D Gotzek and M Miyakawa and AV Suarez \textbf{AS Mikheyev}},
  journal = {Molecular Biology and Evolution},
  volume = {32},
  number = {11},
  pages = {2919-2931},
  year = {2015},
  scholar = {16924293375808826977},
  pubid = {C2yK8tfAHAgC},
  keywords = {article}
}


@article{parmesan2015endangered,
  title = {Endangered Quino checkerspot butterfly and climate change: Short-term success but long-term vulnerability?},
  author = {C Parmesan and A Williams-Anderson and M Moskwik and \textbf{AS Mikheyev} and MC Singer},
  journal = {Journal of Insect Conservation},
  volume = {19},
  number = {2},
  pages = {185-204},
  year = {2015},
  scholar = {17110564357852700908},
  pubid = {-f6ydRqryjwC},
  keywords = {article}
}


@article{fischer2015two,
  title = {Two new phragmotic ant species from Africa: morphology and next-generation sequencing solve a caste association problem in the genus Carebara Westwood},
  author = {G Fischer and FL Azorsa and FH Garcia and \textbf{AS Mikheyev} and EP Economo},
  journal = {ZooKeys},
  volume = {525, 77-105},
  number = {525, 77-105},
  pages = {77-105},
  year = {2015},
  scholar = {15200973808322126374},
  pubid = {OC7j4ufeY2cC},
  keywords = {article}
}


@article{miyakawa2015qtl,
  title = {QTL mapping of sex determination loci supports an ancient pathway in ants and honey bees},
  author = {MO Miyakawa and \textbf{AS Mikheyev}},
  journal = {PLoS Genetics},
  volume = {11},
  number = {11},
  pages = {e1005656},
  year = {2015},
  scholar = {16551016222534829046},
  pubid = {tFyepMjQr3wC},
  keywords = {article}
}


@article{miyakawa2015males,
  title = {Males are here to stay: fertilization enhances viable egg production by clonal queens of the little fire ant (\textit{Wasmannia auropunctata})},
  author = {MO Miyakawa and \textbf{AS Mikheyev}},
  journal = {The Science of Nature},
  volume = {102},
  number = {102 (3-4), 15},
  pages = {15},
  year = {2015},
  scholar = {1615462885631860495},
  pubid = {xyzrkeHX5M4C},
  keywords = {article}
}


@article{mikheyev2014first,
  title = {A first look at the Oxford Nanopore MinION sequencer},
  author = {\textbf{AS Mikheyev} and MMY Tin},
  journal = {Molecular Ecology Resources},
  volume = {14},
  number = {6},
  pages = {1097-1102},
  year = {2014},
  scholar = {10999167401728599062},
  pubid = {ZeXyd9-uunAC},
  keywords = {article}
}

@article{tin2014sequencing,
  title = {Sequencing degraded DNA from non-destructively sampled museum specimens for RAD-tagging and low-coverage shotgun phylogenetics},
  author = {MMY Tin and EP Economo and \textbf{AS Mikheyev}},
  journal = {PloS one},
  volume = {9},
  number = {5},
  pages = {e96793},
  year = {2014},
  scholar = {4551754025818662797},
  pubid = {Wp0gIr-vW9MC},
  keywords = {article}
}


@article{gusev2014comparative,
  title = {Comparative genome sequencing reveals genomic signature of extreme desiccation tolerance in the anhydrobiotic midge},
  author = {O Gusev and Y Suetsugu and R Cornette and T Kawashima and MD Logacheva and AS Kondrashov and AA Penin and R Hatanaka and S Kikuta and S Shimura and H Kanamori and Y Katayose and T Matsumoto and E Shagimardanova and D Alexeev and V Govorun and J Wisecaver and \textbf{AS Mikheyev} and R Koyanagi and M Fujie and T Nishiyama and S Shigenobu and TF Shibata and V Golygina and M Hasebe and T Okuda and N Satoh and T Kikawada},
  journal = {Nature Communications},
  volume = {5, 4784},
  number = {5, 4784},
  pages = {4784},
  year = {2014},
  scholar = {10861044956899051250},
  pubid = {IWHjjKOFINEC},
  keywords = {article}
}

@article{aird2013quantitative,
  title = {Quantitative high-throughput profiling of snake venom gland transcriptomes and proteomes (\textit{Ovophis okinavensis} and \textit{Protobothrops flavoviridis})},
  author = {SD Aird and Y Watanabe and A Villar-Briones and MC Roy and K Terada and \textbf{AS Mikheyev}},
  journal = {BMC Genomics},
  volume = {14},
  number = {1},
  pages = {790},
  year = {2013},
  scholar = {13899792540807522741},
  pubid = {aqlVkmm33-oC},
  keywords = {article}
}


@article{mikheyev2013host,
  title = {Host‐associated genomic differentiation in congeneric butterflies: now you see it, now you do not},
  author = {\textbf{AS Mikheyev} and CS McBride and UG Mueller and C Parmesan and MR Smee and C Stefanescu and B Wee and MC Singer},
  journal = {Molecular Ecology},
  volume = {22},
  number = {18},
  pages = {4753-4766},
  year = {2013},
  scholar = {6748828381494146796},
  pubid = {qxL8FJ1GzNcC},
  keywords = {article}
}

@article{smee2013microsatellites,
  title = {Microsatellites for the marsh fritillary butterfly: de novo transcriptome sequencing, and a comparison with amplified fragment length polymorphism (AFLP) markers},
  author = {MR Smee and Y Pauchet and P Wilkinson and B Wee and MC Singer and DJ Hodgson and \textbf{AS Mikheyev}},
  journal = {PloS One},
  volume = {8},
  number = {1},
  pages = {e54721},
  year = {2013},
  scholar = {5591452592448296990},
  pubid = {kNdYIx-mwKoC},
  keywords = {article}
}


@article{mueller2011evolution,
  title = {Evolution of cold-tolerant fungal symbionts permits winter fungiculture by leafcutter ants at the northern frontier of a tropical ant–fungus symbiosis},
  author = {UG Mueller and \textbf{AS Mikheyev} and E Hong and R Sen and DL Warren and SE Solomon and HD Ishak and M Cooper and JL Miller and KA Shaffer and TE Juenger},
  journal = {Proceedings of the National Academy of Sciences of the United States of America},
  volume = {108},
  number = {10},
  pages = {4053-4056},
  year = {2011},
  scholar = {10229802861258671857},
  pubid = {UebtZRa9Y70C},
  keywords = {article}
}


@article{mueller2011frontier,
  title = {Frontier mutualism: coevolutionary patterns at the northern range limit of the leaf-cutter ant–fungus symbiosis},
  author = {UG Mueller and \textbf{AS Mikheyev} and SE Solomon and M Cooper},
  journal = {Proceedings of the Royal Society B: Biological Sciences},
  volume = {278},
  number = {1721},
  pages = {3050-3059},
  year = {2011},
  scholar = {16515420538270860540},
  pubid = {0EnyYjriUFMC},
  keywords = {article}
}

@article{mikheyev2010comparative,
  title = {Comparative dating of attine ant and lepiotaceous cultivar phylogenies reveals coevolutionary synchrony and discord},
  author = {\textbf{AS Mikheyev} and UG Mueller and P Abbot},
  journal = {The American Naturalist},
  volume = {175},
  number = {6},
  pages = {E126-E133},
  year = {2010},
  scholar = {229126791092134377},
  pubid = {IjCSPb-OGe4C},
  keywords = {article}
}


@article{foucaud2010worldwide,
  title = {Worldwide invasion by the little fire ant: routes of introduction and eco‐evolutionary pathways},
  author = {J Foucaud and J Orivel and A Loiseau and JHC Delabie and H Jourdan and D Konghouleux and
  M Vonshak and M Tindo and J-L Mercier and D Fresneau and J-B Mikissa and T McGlynn and \textbf{AS Mikheyev} and J Oettler and A Estoup},
  journal = {Evolutionary Applications},
  volume = {3},
  number = {4},
  pages = {363-374},
  year = {2010},
  scholar = {115045616677159518},
  pubid = {Y0pCki6q_DkC},
  keywords = {article}
}


@article{mikheyev2010rapid,
  title = {Rapid microsatellite isolation from a butterfly by de novo transcriptome sequencing: performance and a comparison with AFLP-derived distances},
  author = {\textbf{AS Mikheyev} and T Vo and B Wee and MC Singer and C Parmesan},
  journal = {PLoS One},
  volume = {5},
  number = {6},
  pages = {e11212},
  year = {2010},
  scholar = {5282555937341671323},
  pubid = {YsMSGLbcyi4C},
  keywords = {article}
}


@article{dunham2010influence,
  title = {Influence of an invasive ant on grazing and detrital communities and nutrient fluxes in a tropical forest},
  author = {AE Dunham and \textbf{AS Mikheyev}},
  journal = {Diversity and Distributions},
  volume = {16},
  number = {1},
  pages = {33-42},
  year = {2010},
  scholar = {9455698433420283941},
  pubid = {_FxGoFyzp5QC},
  keywords = {article}
}


@article{vo2009free-living,
  title = {Free-living fungal symbionts (Lepiotaceae) of fungus-growing ants (Attini: Formicidae)},
  author = {TL Vo and UG Mueller and \textbf{AS Mikheyev}},
  journal = {Mycologia},
  volume = {101},
  number = {2},
  pages = {206-210},
  year = {2009},
  scholar = {14113121780377196655},
  pubid = {UeHWp8X0CEIC},
  keywords = {article}
}


@article{mikheyev2009single,
  title = {Single‐queen introductions characterize regional and local invasions by the facultatively clonal little fire ant \textit{Wasmannia auropunctata}},
  author = {\textbf{AS Mikheyev} and S Bresson and P Conant},
  journal = {Molecular Ecology},
  volume = {18},
  number = {14},
  pages = {2937-2944},
  year = {2009},
  scholar = {7054697436342052912},
  pubid = {ufrVoPGSRksC},
  keywords = {article}
}


@article{mikheyev2008phylogeography,
  title = {Phylogeography of post‐Pleistocene population expansion in a fungus‐gardening ant and its microbial mutualists},
  author = {\textbf{AS Mikheyev} and T Vo and UG Mueller},
  journal = {Molecular Ecology},
  volume = {17},
  number = {20},
  pages = {4480-4488},
  year = {2008},
  scholar = {9042473991362821324},
  pubid = {2osOgNQ5qMEC},
  keywords = {article}
}


@article{mikheyev2008effect,
  title = {Effect of propagule pressure on the establishment and spread of the little fire ant \textit{Wasmannia auropunctata} in a Gabonese oilfield},
  author = {\textbf{AS Mikheyev} and L Tchingnoumba and A Henderson and A Alonso},
  journal = {Diversity and Distributions},
  volume = {14},
  number = {2},
  pages = {301-306},
  year = {2008},
  scholar = {14469011151565078140},
  pubid = {WF5omc3nYNoC},
  keywords = {article}
}

@article{mikheyev2008history,
  title = {History, genetics and pathology of a leaf-cutting ant introduction: a case study of the Guadeloupe invasion},
  author = {\textbf{AS Mikheyev}},
  journal = {Biological Invasions},
  volume = {10},
  number = {4},
  pages = {467-473},
  year = {2008},
  scholar = {6580066798584607507},
  pubid = {LkGwnXOMwfcC},
  keywords = {article}
}


@article{mikheyev2007population,
  title = {Population genetic signatures of diffuse co‐evolution between leaf‐cutting ants and their cultivar fungi},
  author = {\textbf{AS Mikheyev} and UG Mueller and JJ Boomsma},
  journal = {Molecular Ecology},
  volume = {16},
  number = {1},
  pages = {209-216},
  year = {2007},
  scholar = {7749673241990748447},
  pubid = {9yKSN-GCB0IC},
  keywords = {article}
}


@article{martins2007nuclear,
  title = {Nuclear mitochondrial‐like sequences in ants: evidence from \textit{Atta cephalotes} (Formicidae: Attini)},
  author = {J Martins Jr and SE Solomon and \textbf{AS Mikheyev} and UG Mueller and A Ortiz and M Bacci Jr},
  journal = {Insect molecular biology},
  volume = {16},
  number = {6},
  pages = {777-784},
  year = {2007},
  scholar = {7017272772959802699},
  pubid = {zYLM7Y9cAGgC},
  keywords = {article}
}


@article{mikheyev2007genetic,
  title = {Genetic relationships between native and introduced populations of the little fire ant \textit{Wasmannia auropunctata}},
  author = {\textbf{AS Mikheyev} and UG Mueller},
  journal = {Diversity and Distributions},
  volume = {13},
  number = {5},
  pages = {573-579},
  year = {2007},
  scholar = {63283362220399392},
  pubid = {eQOLeE2rZwMC},
  keywords = {article}
}


@article{mikheyev2006cryptic,
  title = {Cryptic sex and many-to-one coevolution in the fungus-growing ant symbiosis},
  author = {\textbf{AS Mikheyev} and UG Mueller and P Abbot},
  journal = {Proceedings of the National Academy of Sciences of the United States of America},
  volume = {103},
  number = {28},
  pages = {10702-10706},
  year = {2006},
  scholar = {7687298860366872679},
  pubid = {u-x6o8ySG0sC},
  keywords = {article}
}


@article{mikheyev2006invasive,
  title = {Invasive species: customs intercepts reveal what makes a good ant stowaway},
  author = {\textbf{AS Mikheyev} and UG Mueller},
  journal = {Current Biology},
  volume = {16},
  number = {4},
  pages = {R129-R131},
  year = {2006},
  scholar = {11128754561928365353},
  pubid = {hqOjcs7Dif8C},
  keywords = {commentary}
}


@article{solomon2005ant,
  title = {The ant (Hymenoptera: Formicidae) fauna of Cocos Island, Costa Rica},
  author = {SE Solomon and \textbf{AS Mikheyev}},
  journal = {Florida Entomologist},
  volume = {88},
  number = {4},
  pages = {415-424},
  year = {2005},
  scholar = {7114250979207633473},
  pubid = {roLk4NBRz8UC},
  keywords = {article}
}


@article{mikheyev2004nest,
  title = {Nest architecture of the ant \textit{Formica pallidefulva}: structure, costs and rules of excavation},
  author = {\textbf{AS Mikheyev} and WR Tschinkel},
  journal = {Insectes Sociaux},
  volume = {51},
  number = {1},
  pages = {30-36},
  year = {2004},
  scholar = {10799229258891652568},
  pubid = {d1gkVwhDpl0C},
  keywords = {article}
}


@article{mikheyev2004male,
  title = {Male accessory gland size and the evolutionary transition from single to multiple mating in the fungus-gardening ants},
  author = {\textbf{AS Mikheyev}},
  journal = {Journal of Insect Science},
  volume = {4},
  number = {1},
  pages = {37},
  year = {2004},
  scholar = {12977237871159203433},
  pubid = {W7OEmFMy1HYC},
  keywords = {article}
}


@article{tschinkel2003allometry,
  title = {Allometry of workers of the fire ant, \textit{Solenopsis invicta}},
  author = {WR Tschinkel and \textbf{AS Mikheyev} and SR Storz},
  journal = {Journal of Insect Science},
  volume = {3},
  number = {1},
  pages = {3 (1)},
  year = {2003},
  scholar = {14991312923861571889},
  pubid = {Tyk-4Ss8FVUC},
  keywords = {article}
}


@article{mikheyev2003evidence,
  title = {Evidence for mating plugs in the fire ant \textit{Solenopsis invicta}},
  author = {\textbf{AS Mikheyev}},
  journal = {Insectes Sociaux},
  volume = {50},
  number = {4},
  pages = {401-402},
  year = {2003},
  scholar = {3718331442736577241},
  pubid = {qjMakFHDy7sC},
  keywords = {article}
}


@article{seeley2003reproductive,
  title = {Reproductive decisions by honey bee colonies: tuning investment in male production in relation to success in energy acquisition},
  author = {TD Seeley and \textbf{AS Mikheyev}},
  journal = {Insectes sociaux},
  volume = {50},
  number = {2},
  pages = {134-138},
  year = {2003},
  scholar = {9027907671261124932},
  pubid = {Se3iqnhoufwC},
  keywords = {article}
}

@article{seeley2000dancing,
  title = {Dancing bees tune both duration and rate of waggle-run production in relation to nectar-source profitability},
  author = {TD Seeley and \textbf{AS Mikheyev} and GJ Pagano},
  journal = {Journal of Comparative Physiology A},
  volume = {186},
  number = {9},
  pages = {813-819},
  year = {2000},
  scholar = {11991426200987348473},
  pubid = {u5HHmVD_uO8C},
  keywords = {article}
}
